@book{DP,
  title={Dynamic programming and optimal control},
  author={Bertsekas, Dimitri P },
  volume={2},
  year={2012},
  publisher={Athena Scientific Belmont, MA}
}

@misc{maxon_motor_usa,
	title = {Maxon Motor: Small Dc Motors and Drive Systems},
	url = {www.maxonmotorusa.com},
	author = {Maxon Motor USA, {}}
}
